@article{marketshare,
author = {Jeff, Hale},
journal = {Towards Data Science},
pages = {1},
title = {{Deep Learning Framework Power Scores 2018}},
volume = {3},
year = {2018}
}

@article{z_score,
author = {Adam, Hayes},
journal = {Investopedia},
pages = {https://www.investopedia.com/terms/z/zscore.asp},
title = {{Z-Score Definition and Usage}},
year = {2019}
}

@article{EEGSignalProcessing,
author = {Saeid, Sanei},
journal = {John Wiley \& Sons Ltd},
pages = {1--30},
title = {{EEG signal processing}},
volume = {1},
year = {2007}
}

@article{EEG,
author = {Sebasti√°n, Basterrech},
pages = {2--10},
title = {{Nature-inspired Algorithms for Selecting EEG Sources for Motor Imagery based BCI}},
}

@article{NeuralNetwork,
author = {Erik, Louis},
journal = {Springer},
pages = {13--24},
title = {{Artificial Intelligence and Soft Computing}},
volume = {3},
year = {2015}
}

@article{EEG2,
author = {Leszek, Rutkowski},
journal = {American Epilepsy Society},
pages = {40-51},
title = {{Electroencephalography (EEG): An Introductory Text and Atlas of Normal and Abnormal Findings in Adults, Children, and Infants}},
volume = {6},
year = {2016}
}

@article{MNE,
author = {George, Martious},
journal = {https://www.nmr.mgh.harvard.edu/mne/stable /auto\_examples/io/plot\_objects\_from\_arrays},
pages = {1},
title = {{Creating MNE objects from data arrays}},
volume = {1},
year = {2019}
}

@article{LSTM,
author = {Jurgen, Schmidhuber},
journal = {Neural computation},
pages = {9},
title = {{Long short-term memory}},
volume = {1},
year = {1997}

@article{GG,
author = {Robert, Tibshirani},
journal = {The Elements of Statistical Learning},
pages = {200-210},
title = {{Data Mining, Inference, and Prediction}},
volume = {2},
year = {2009}
}

@article{GGG,
author = {Martin, Buhmann},
journal = { Cambridge University Press},
pages = {200-210},
title = {{Radial Basis Functions: Theory and Implementations}},
volume = {2},
year = {2009}
}

@article{GGGG,
author = {Martin, Buhmann},
journal = {Addison-Wesley Professional},
pages = {100-105},
title = {{Learn Python 3 the Hard Way: A Very Simple Introduction to the Terrifyingly Beautiful World of Computers and Code}},
volume = {1},
year = {2017}
}

@article{Medical,
author = {Gronseth, Greenberg},
journal = {American Academy of Neurology},
pages = {1},
title = {{Five Things Physicians and Patients Should Question}},
volume = {1},
year = {2013}
}



% @article{Lee2009a,
% author = {Lee, Geun},
% journal = {The Korean Journal of Defense Analysis},
% number = {2},
% pages = {205--218},
% title = {{A Theory of Soft Power and Korea's Soft Power Strategy}},
% volume = {21},
% year = {2009}
% }
